1654 2799
76 1267 1484 79 Richezza de Lorraine (en polonais : Rycheza Lotaryńska),

82 1354 1477 76 née vers 993 et morte le 21 mars 1063 à Saalfeld en

85 1441 1334 81 Thuringe, fut reine de Pologne de 1025 à 1031, puis

99 1523 1502 84 duchesse de Pologne de 1032 à 1034, en tant qu'épouse

82 1598 1494 73 du souverain Mieszko II Lambert. Du lien matrimonial

91 1673 1528 76 constitué entre Richezza et Mieszko, le jeune État polonais se

76 1754 1511 93 rattache à la tradition des royaumes francs. Après le décès

77 1834 1531 92 de son mari, la veuve s'est retirée aux domaines de sa famille,

68 1907 1529 95 les Ezzonides, au >saint< >du< sein du Saint-Empire romain.

63 1971 1538 97 Par leur descendants, elle est devenue l'ancêtre des dynasties

102 2041 1393 98 européennes des Piast, des Riourikides et des Árpád.
