1654 2799
107 1320 1399 74 La mythologie nordique est l'ensemble des mythes provenant

104 1385 1546 68 d'Europe du Nord (plus particulièrement de la Scandinavie) à la base

99 1444 1539 79 du système religieux polythéiste pratiqué dans ces régions au haut

84 1513 1485 68 Moyen Âge avant leur christianisation. Il s'agit d'une variante

84 1570 1566 78 régionale et historique de la plus vaste mythologie germanique, qui

76 1631 1576 79 fait elle-même partie de la mythologie conjecturelle indo-européenne

74 1687 1534 84 dont d'autres variantes sont la mythologie grecque ou encore la

74 1735 1578 101 mythologie perse, et qui a donné lieu à de nombreuses spéculation

76 1800 1576 90 pseudo-historiques. Comme les autres, la mythologie nordique met en

76 1866 1574 82 scène un nombre important de divinités, de créatures fabuleuses et de

71 1920 1509 95 héros. Pendant des siècles, les mythes nordiques étaient transmis

62 1996 1498 75 oralement, notamment par la poésie >scandinave< qui éleva la

956 2052 228 45 scaldique

57 2066 1484 95 narration d'épopées mythologiques en une expression artistique
